@article{Schmitz2021,
    author = {Schmitz, Daniel and Ek, Weronica E and Berggren, Elin and Höglund, Julia and Karlsson, Torgny and Johansson, Åsa},
    title = {Genome-wide Association Study of Estradiol Levels and the Causal Effect of Estradiol on Bone Mineral Density},
    journal = {The Journal of Clinical Endocrinology \& Metabolism},
    volume = {106},
    number = {11},
    pages = {e4471-e4486},
    year = {2021},
    month = {07}
}

@misc{gpms,
	year = 2018,
	title = {MIDAS GPMS: A flexible gene panel management system},
	author = {Bounda Ndinga, Elmarce and Eck, Sebastian H and Brumm, Riccardo and Schmuck, M and Schmitz, Daniel and Rost, Imma and Klein, Hanns Georg},
	howpublished = {Poster at ESHG},
	location = {Milan}	
}

@misc{midas,
	year = 2015,
	title = {A software tool for data Integration in a diagnostic laboratory},
	author = {Brumm, R and Eck, S H and Ebert, B and Vogl, I and Schmitz, D and Küçük, S and Rath, S and Hasselbacher, V and Sofeso, C and Busse, B and Chahrokh-Zadeh, S and Marschall, C and Mayer, K and Rost, I and Klein, H G},
	howpublished = {Poster at Genome Informatics},
	location = {Cold Spring Harbor, NY}
}

