@article{Schmitz2021,
    author = {Schmitz, Daniel and Ek, Weronica E and Berggren, Elin and Höglund, Julia and Karlsson, Torgny and Johansson, Åsa},
    title = {Genome-wide Association Study of Estradiol Levels and the Causal Effect of Estradiol on Bone Mineral Density},
    journal = {The Journal of Clinical Endocrinology \& Metabolism},
    volume = {106},
    number = {11},
    pages = {e4471-e4486},
    year = {2021},
    month = {07}
}

@misc{gpms,
	year = 2018,
	title = {MIDAS GPMS: A flexible gene panel management system},
	author = {Bounda Ndinga, Elmarce and Eck, Sebastian H and Brumm, Riccardo and Schmuck, M and Schmitz, Daniel and Rost, Imma and Klein, Hanns Georg},
	howpublished = {Poster at ESHG},
	location = {Milan}	
}

@misc{midas,
	year = 2015,
	title = {A software tool for data Integration in a diagnostic laboratory},
	author = {Brumm, R and Eck, S H and Ebert, B and Vogl, I and Schmitz, D and Küçük, S and Rath, S and Hasselbacher, V and Sofeso, C and Busse, B and Chahrokh-Zadeh, S and Marschall, C and Mayer, K and Rost, I and Klein, H G},
	howpublished = {Poster at Genome Informatics},
	location = {Cold Spring Harbor, NY}
}

@misc{vat,
  author       = {Torgny Karlsson and Daniel Schmitz and Weronica E Ek and Mathias Rask-Andersen and Åsa Johansson},
  howpublished = {Presentation at EMGM},
  title        = {Visceral adiposity and its impact on type 2 diabetes development -- The “rise-and-fall” of a causal effect},
  year         = {2020},
  location     = {Lausanne, Switzerland},
}


@article{kierczak2022,
	author = {Kierczak, Marcin and Rafati, Nima and H{\"o}glund, Julia and Gourl{\'e}, Hadrien and Lo Faro, Valeria and Schmitz, Daniel and Ek, Weronica E. and Gyllensten, Ulf and Enroth, Stefan and Ekman, Diana and Nystedt, Bj{\"o}rn and Karlsson, Torgny and Johansson, {\AA}sa},
	date = {2022-05-09},
	doi = {10.1038/s41467-022-30208-8},
	issn = {2041-1723},
	journaltitle = {Nat Commun},
	keywords = {Biomarkers, Next-generation sequencing, Genome-wide association studies},
	langid = {english},
	note = {Number: 1 Publisher: Nature Publishing Group},
	number = {1},
	pages = {2532},
	rights = {2022 The Author(s)},
	title = {Contribution of rare whole-genome sequencing variants to plasma protein levels and the missing heritability},
	url = {https://doi.org/10.1038/s41467-022-30208-8},
	volume = {13},
}



@article{johansson2022,
	title = {Investigating the Effect of Estradiol Levels on the Risk of Breast, Endometrial, and Ovarian Cancer},
	volume = {6},
	issn = {2472-1972},
	url = {https://doi.org/10.1210/jendso/bvac100},
	doi = {10.1210/jendso/bvac100},
	pages = {bvac100},
	number = {8},
	journaltitle = {Journal of the Endocrine Society},
	author = {Johansson, Åsa and Schmitz, Daniel and Höglund, Julia and Hadizadeh, Fatemeh and Karlsson, Torgny and Ek, Weronica E},
	date = {2022-08-01},
}

@article{Schmitz2023,
    author = {Schmitz, Daniel and Li, Zhiwei and Lo Faro, Valeria and Rask-Andersen, Mathias and Ameur, Adam and Rafati, Nima and Johansson, Åsa},
    title = "{Copy number variations and their effect on the plasma proteome}",
    journal = {Genetics},
    volume = {225},
    number = {4},
    pages = {iyad179},
    year = {2023},
    month = {10},
    issn = {1943-2631},
    doi = {10.1093/genetics/iyad179},
    url = {https://doi.org/10.1093/genetics/iyad179},
}

